@misc{nexo2018,
  doi = {10.48550/ARXIV.1805.11142},
  author = {{nEXO Collaboration} and Kharusi,  S. Al and others},
  keywords = {Instrumentation and Detectors (physics.ins-det),  Nuclear Experiment (nucl-ex),  FOS: Physical sciences,  FOS: Physical sciences},
  title = {nEXO Pre-Conceptual Design Report},
  publisher = {arXiv},
  year = {2018},
  copyright = {arXiv.org perpetual,  non-exclusive license}
}

@article{exo200_2vPRC,
  title = {Improved measurement of the $2\nu \beta \beta$ half-life of $^{136}\text{Xe}$ with the EXO-200 detector},
  volume = {89},
  ISSN = {1089-490X},
  url = {http://dx.doi.org/10.1103/PhysRevC.89.015502},
  DOI = {10.1103/physrevc.89.015502},
  number = {1},
  journal = {Physical Review C},
  publisher = {American Physical Society (APS)},
  author = {Albert,  J. B. and others},
  year = {2014},
  month = jan 
}

@article{exo200_jinst,
  title = {The EXO-200 detector,  part I: detector design and construction},
  volume = {7},
  ISSN = {1748-0221},
  url = {http://dx.doi.org/10.1088/1748-0221/7/05/P05010},
  DOI = {10.1088/1748-0221/7/05/p05010},
  number = {05},
  journal = {Journal of Instrumentation},
  publisher = {IOP Publishing},
  author = {Auger,  M and others},
  year = {2012},
  month = may,
  pages = {P05010–P05010}
}

@article{Dolinski2019,
  doi = {10.1146/annurev-nucl-101918-023407},
  year = {2019},
  month = oct,
  publisher = {Annual Reviews},
  volume = {69},
  number = {1},
  pages = {219--251},
  author = {Michelle J. Dolinski and Alan W.P. Poon and Werner Rodejohann},
  title = {Neutrinoless Double-Beta Decay: Status and Prospects},
  journal = {Annual Review of Nuclear and Particle Science}
}

@article{nEXO_Rn,
  doi = {10.1088/1361-6471/ac3631},
  year = {2021},
  month = dec,
  publisher = {{IOP} Publishing},
  volume = {49},
  number = {1},
  pages = {015104},
  author = {{nEXO Collaboration}},
  title = {{nEXO}: neutrinoless double beta decay search beyond 10$^{28}$ year half-life sensitivity},
  journal = {Journal of Physics G: Nuclear and Particle Physics}
}

@article{Anton2019,
  doi = {10.1103/physrevlett.123.161802},
  year = {2019},
  month = oct,
  publisher = {American Physical Society ({APS})},
  volume = {123},
  number = {16},
  author = {G. Anton and others},
  title = {{Search for Neutrinoless Double-$\beta$ Decay with the Complete {EXO}-200 Dataset}},
  journal = {Physical Review Letters}
}

@article{Meng2022,
  doi = {10.1088/1748-0221/17/10/p10035},
  year = {2022},
  month = oct,
  publisher = {{IOP} Publishing},
  volume = {17},
  number = {10},
  pages = {P10035},
  author = {Yue Meng and Jerry Busenitz and Andreas Piepke and Raymond Tsang and Mengmeng Wu and Yukun Yao},
  title = {Radon emanation from dust of varying composition and~size},
  journal = {Journal of Instrumentation}
}

@article{alphaion,
  doi = {10.1103/physrevc.92.045504},
  year = {2015},
  month = 10,
  publisher = {American Physical Society ({APS})},
  volume = {92},
  number = {4},
  author = {{EXO-200 Collaboration}},
  title = {Measurements of the ion fraction and mobility of $\alpha-$ and $\beta-$decay products in liquid xenon using the {EXO}-200 detector},
  journal = {Physical Review C}
}

@article{NuclearDatasheet,
  doi = {10.1016/j.nds.2014.09.004},
  year = {2014},
  month = sep,
  publisher = {Elsevier {BV}},
  volume = {121},
  pages = {561--694},
  author = {M. Shamsuzzoha Basunia},
  title = {Nuclear Data Sheets for A = 210},
  journal = {Nuclear Data Sheets}
}

%esc papers literature search:
@article{SNO_ESC_NIM,
  doi = {10.1016/s0168-9002(98)01230-3},
  year = {1999},
  month = feb,
  publisher = {Elsevier {BV}},
  volume = {421},
  number = {3},
  pages = {601--609},
  author = {Jian-Xiong Wang and Tom C. Andersen and John J. Simpson},
  title = {{An electrostatic radon detector designed for water radioactivity measurements}},
  journal = {Nucl. Instr. and Meth. in Phys. Res. A}
}

@article{Andersen2003,
  title = {{Measurement of radium concentration in water with Mn-coated beads at the Sudbury Neutrino Observatory}},
  volume = {501},
  ISSN = {0168-9002},
  DOI = {10.1016/s0168-9002(03)00616-8},
  number = {2–3},
  journal = {Nucl. Instr. and Meth. in Phys. Res. A},
  publisher = {Elsevier BV},
  author = {{SNO Collaboration}},
  year = {2003},
  month = apr,
  pages = {399–417}
}

@article{LucasCell_Blevis2004,
  title = {{Measurement of dissolved in water at the Sudbury Neutrino Observatory}},
  volume = {517},
  ISSN = {0168-9002},
  DOI = {10.1016/j.nima.2003.10.103},
  number = {1–3},
  journal = {Nucl. Instr. and Meth. in Phys. Res. A},
  publisher = {Elsevier BV},
  author = {Blevis,  I and others},
  year = {2004},
  month = jan,
  pages = {139–153}
}

@article{Liu1993,
  title = {$^{222}\text{Rn}$ emanation into vacuum},
  volume = {329},
  ISSN = {0168-9002},
  DOI = {10.1016/0168-9002(93)90948-h},
  number = {1–2},
  journal = {Nucl. Instr. and Meth. in Phys. Res. A},
  publisher = {Elsevier BV},
  author = {Liu,  Manqing and Lee,  H.W. and McDonald,  A.B.},
  year = {1993},
  month = may,
  pages = {291–298}
}

@article{Zuzel2009,
  title = {High sensitivity radon emanation measurements},
  volume = {67},
  ISSN = {0969-8043},
  DOI = {10.1016/j.apradiso.2009.01.052},
  number = {5},
  journal = {Applied Radiation and Isotopes},
  publisher = {Elsevier BV},
  author = {Zuzel,  G. and Simgen,  H.},
  year = {2009},
  month = may,
  pages = {889–893}
}

@article{PandaX-2T,
  doi = {10.1007/jhep06(2022)147},
  year = {2022},
  month = jun,
  publisher = {Springer Science and Business Media {LLC}},
  volume = {2022},
  number = {6},
  author = {Zhicheng Qian and others},
  title = {Low radioactive material screening and background control for the {PandaX}-4T experiment},
  journal = {Journal of High Energy Physics}
}

@article{DARKSIDE-50,
  doi = {10.1140/epjc/s10052-020-08793-z},
  year = {2021},
  month = jan,
  publisher = {Springer Science and Business Media {LLC}},
  volume = {81},
  number = {1},
  author = {K. Pelczar and others},
  title = {An online radon monitor for low-background detector assembly facilities},
  journal = {The European Physical Journal C}
}


@article{RnAssays_XENON1T,
  doi = {10.1140/epjc/s10052-020-08777-z},
  year = {2021},
  month = apr,
  publisher = {Springer Science and Business Media {LLC}},
  volume = {81},
  number = {4},
  author = {{XENON Collaboration}},
  title = {$^{222}\text{Rn}$ emanation measurements for the {XENON1T} experiment},
  journal = {The European Physical Journal C}
}


@article{Wojcik2017,
  title = {Review of high-sensitivity Radon studies},
  volume = {32},
  ISSN = {1793-656X},
  url = {http://dx.doi.org/10.1142/S0217751X17430047},
  DOI = {10.1142/s0217751x17430047},
  number = {30},
  journal = {International Journal of Modern Physics A},
  publisher = {World Scientific Pub Co Pte Lt},
  author = {Wojcik,  M. and Zuzel,  G. and Simgen,  H.},
  year = {2017},
  month = oct,
  pages = {1743004}
}

@article{SAKODA2017,
  title = {Mechanisms and Modeling Approaches of Radon Emanation for Natural Materials},
  volume = {52},
  ISSN = {1884-7560},
  url = {http://dx.doi.org/10.5453/jhps.52.296},
  DOI = {10.5453/jhps.52.296},
  number = {4},
  journal = {Japanese Journal of Health Physics},
  publisher = {Japan Health Physics Society},
  author = {SAKODA,  Akihiro and ISHIMORI,  Yuu},
  year = {2017},
  pages = {296–306}
}

@article{LePort2011,
  title = {{A magnetically driven piston pump for ultra-clean applications}},
  volume = {82},
  ISSN = {1089-7623},
  DOI = {10.1063/1.3653391},
  number = {10},
  journal = {Review of Scientific Instruments},
  publisher = {AIP Publishing},
  author = {LePort,  F. and others},
  year = {2011},
  month = oct 
}

@article{Brown2018,
  title = {Magnetically-coupled piston pump for high-purity gas applications},
  volume = {78},
  ISSN = {1434-6052},
  DOI = {10.1140/epjc/s10052-018-6062-z},
  number = {7},
  journal = {The European Physical Journal C},
  publisher = {Springer Science and Business Media LLC},
  author = {Brown,  E. and others},
  year = {2018},
  month = jul 
}

@article{sazzad24_rn,
  title = {{Radon emanation rate measurements using liquid scintillation counting}},
  volume = {20},
  ISSN = {1748-0221},
  DOI = {10.1088/1748-0221/20/01/p01020},
  number = {01},
  journal = {Journal of Instrumentation},
  publisher = {IOP Publishing},
  author = {Sazzad,  A.B.M.R. and others},
  year = {2025},
  month = jan,
  pages = {P01020}
}
}

@phdthesis{brunner_thesis,
    author = {Br\"{u}nner,  Stefan Augustin},
    title = {{Mitigation of $^{222}\text{Rn}$ induced background in the XENON1T dark matter experiment}},
    school = {Heidelberg University},
    year = {2017},
    doi = {10.11588/HEIDOK.00023261},

}

@article{Levy2018,
  title = {{A matrix exponential approach to radioactive decay equations}},
  volume = {86},
  ISSN = {1943-2909},
  DOI = {10.1119/1.5064446},
  number = {12},
  journal = {American Journal of Physics},
  publisher = {American Association of Physics Teachers (AAPT)},
  author = {Levy,  Edmond},
  year = {2018},
  month = dec,
  pages = {909–913}
}

@article{HOPKE1989299,
title = {The initial behavior of $^{218}\text{Po}$ in indoor air},
journal = {Environment International},
volume = {15},
number = {1},
pages = {299-308},
year = {1989},
issn = {0160-4120},
doi = {10.1016/0160-4120(89)90042-1},
author = {Philip K. Hopke}
}

@article{PAGELKOPF20031057,
title = {{Neutralisation rate and the fraction of the positive $^{218}\text{Po}$-clusters in air}},
journal = {Atmospheric Environment},
volume = {37},
number = {8},
year = {2003},
issn = {1352-2310},
doi = {10.1016/S1352-2310(02)00997-4},
author = {P Pagelkopf and J Porstendörfer}
}

@article{Abe2023,
  title = {Search for the Majorana Nature of Neutrinos in the Inverted Mass Ordering Region with KamLAND-Zen},
  volume = {130},
  ISSN = {1079-7114},
  url = {http://dx.doi.org/10.1103/PhysRevLett.130.051801},
  DOI = {10.1103/physrevlett.130.051801},
  number = {5},
  journal = {Physical Review Letters},
  publisher = {American Physical Society (APS)},
  author = {Abe,  S. and Asami and others},
  year = {2023},
  month = jan 
}

@article{Stiegler2021,
  title = {Event reconstruction in a liquid xenon Time Projection Chamber with an optically-open field cage},
  volume = {1000},
  ISSN = {0168-9002},
  url = {http://dx.doi.org/10.1016/j.nima.2021.165239},
  DOI = {10.1016/j.nima.2021.165239},
  journal = {Nucl. Instr. and Meth. in Phys. Res. A},
  publisher = {Elsevier BV},
  author = {Stiegler,  T. and others},
  year = {2021},
  month = jun,
  pages = {165239}
}


@article{RnAssays_XENONnT,
  title = {{Material radiopurity control in the XENONnT experiment}},
  volume = {82},
  ISSN = {1434-6052},
  DOI = {10.1140/epjc/s10052-022-10345-6},
  number = {7},
  journal = {The European Physical Journal C},
  publisher = {Springer Science and Business Media LLC},
  author = {Aprile,  E. and others},
  year = {2022},
  month = jul 
}

@article{PandaX-4T_RnScreen,
  title = {Low radioactive material screening and background control for the PandaX-4T experiment},
  volume = {2022},
  ISSN = {1029-8479},
  url = {http://dx.doi.org/10.1007/JHEP06(2022)147},
  DOI = {10.1007/jhep06(2022)147},
  number = {6},
  journal = {Journal of High Energy Physics},
  publisher = {Springer Science and Business Media LLC},
  author = {Qian, Zhicheng and others},
  year = {2022},
  month = jun 
}

@article{GERDA_RnScreen,
  title = {Gamma-ray spectrometry of ultra low levels of radioactivity within the material screening program for the GERDA experiment},
  volume = {67},
  ISSN = {0969-8043},
  url = {http://dx.doi.org/10.1016/j.apradiso.2009.01.019},
  DOI = {10.1016/j.apradiso.2009.01.019},
  number = {5},
  journal = {Applied Radiation and Isotopes},
  publisher = {Elsevier BV},
  author = {Budjáš,  D. and Gangapshev,  A.M. and Gasparro,  J. and Hampel,  W. and Heisel,  M. and Heusser,  G. and Hult,  M. and Klimenko,  A.A. and Kuzminov,  V.V. and Laubenstein,  M. and Maneschg,  W. and Simgen,  H. and Smolnikov,  A.A. and Tomei,  C. and Vasiliev,  S.I.},
  year = {2009},
  month = may,
  pages = {755–758}
}

@misc{ESC_Electronics,
  author = {Mong, Brian},
  title = {{ESC Electronics}},
  year = {2024},
  publisher = {GitHub},
  journal = {GitHub repository},
  howpublished = {\url{https://github.com/bungernut/ESC_Electronics}},
}

@misc{pydan_github,
  author = {Mong, Brian},
  title = {Pydan},
  year = {2024},
  publisher = {GitHub},
  journal = {GitHub repository},
  howpublished = {\url{https://github.com/bungernut/esc_pydan}},
}

@misc{iminuit,
  author={Hans Dembinski and Piti Ongmongkolkul et al.},
  title={scikit-hep/iminuit},
  DOI={10.5281/zenodo.3949207},
  publisher={Zenodo},
  year={2020},
  month={Dec},
}

@article{Hoppe2014,
  title = {Reduction of radioactive backgrounds in electroformed copper for ultra-sensitive radiation detectors},
  volume = {764},
  ISSN = {0168-9002},
  url = {http://dx.doi.org/10.1016/j.nima.2014.06.082},
  DOI = {10.1016/j.nima.2014.06.082},
  journal = {Nucl. Instr. and Meth. in Phys. Res. A},
  publisher = {Elsevier BV},
  author = {Hoppe,  E.W. and others},
  year = {2014},
  month = nov,
  pages = {116–121}
}

@article{numpy,
  title = {{Array programming with NumPy}},
  volume = {585},
  ISSN = {1476-4687},
  DOI = {10.1038/s41586-020-2649-2},
  number = {7825},
  journal = {Nature},
  publisher = {Springer Science and Business Media LLC},
  author = {Harris,  Charles R. and others},
  year = {2020},
  month = sep,
  pages = {357–362}
}

@article{Akimoto2006,
  title = {Measurement of the thickness of an insensitive surface layer of a PIN photodiode},
  volume = {557},
  ISSN = {0168-9002},
  DOI = {10.1016/j.nima.2005.11.158},
  number = {2},
  journal = {Nucl. Instr. and Meth. in Phys. Res. A},
  publisher = {Elsevier BV},
  author = {Akimoto,  Y. and Inoue,  Y. and Minowa,  M.},
  year = {2006},
  month = feb,
  pages = {684–687}
}

@article{Wall2014,
  title = {Dead layer on silicon p–i–n diode charged-particle detectors},
  volume = {744},
  ISSN = {0168-9002},
  DOI = {10.1016/j.nima.2013.12.048},
  journal = {Nucl. Instr. and Meth. in Phys. Res. A},
  publisher = {Elsevier BV},
  author = {Wall,  B.L. and others},
  year = {2014},
  month = apr,
  pages = {73–79}
}

@article{XENONnT_still,
  title = {{Online $^{222}$Rn removal by cryogenic distillation in the XENON100 experiment}},
  volume = {77},
  ISSN = {1434-6052},
  doi = {10.1140/epjc/s10052-017-4902-x},
  number = {6},
  journal = {The European Physical Journal C},
  publisher = {Springer Science and Business Media LLC},
  author = {Aprile,  E. and others},
  year = {2017},
  month = may 
}


@article{XLZD_0bb,
  title = {A next-generation liquid xenon observatory for dark matter and neutrino physics},
  volume = {50},
  ISSN = {1361-6471},
  DOI = {10.1088/1361-6471/ac841a},
  number = {1},
  journal = {Journal of Physics G: Nuclear and Particle Physics},
  publisher = {IOP Publishing},
  author = {Aalbers,  J and others},
  year = {2022},
  month = dec,
  pages = {013001}
}

@article{WIMP_beta_bg,
  title = {Nuclear Data Sheets for A=214},
  volume = {175},
  ISSN = {0090-3752},
  DOI = {10.1016/j.nds.2021.06.001},
  journal = {Nuclear Data Sheets},
  publisher = {Elsevier BV},
  author = {Zhu,  Shaofei and McCutchan,  E.A.},
  year = {2021},
  month = jul,
  pages = {1–149}
}

@article{LUX_BGs,
  title = {Radiogenic and muon-induced backgrounds in the LUX dark matter detector},
  volume = {62},
  ISSN = {0927-6505},
  DOI = {10.1016/j.astropartphys.2014.07.009},
  journal = {Astroparticle Physics},
  publisher = {Elsevier BV},
  author = {Akerib,  D.S. and others},
  year = {2015},
  month = mar,
  pages = {33–46}
}

@article{RBC_Database,
  title = {{An integrated online radioassay data storage and analytics tool for nEXO}},
  volume = {1055},
  ISSN = {0168-9002},
  DOI = {10.1016/j.nima.2023.168477},
  journal = {Nucl. Instr. and Meth. in Phys. Res. A},
  publisher = {Elsevier BV},
  author = {Tsang,  R.H.M. and others},
  year = {2023},
  month = oct,
  pages = {168477}
}

@inproceedings{Farine2005,
  title = {{Assay of Radon and Radium in Water: Techniques Developed at SNO}},
  volume = {785},
  ISSN = {0094-243X},
  DOI = {10.1063/1.2060472},
  booktitle = {AIP Conference Proceedings},
  publisher = {AIP},
  author = {Farine,  Jacques},
  year = {2005},
  pages = {199–208}
}

@article{Kiko2001,
  title = {Detector for $^{222}\text{Rn}$ measurements in air at the 1mBq/m3 level},
  volume = {460},
  ISSN = {0168-9002},
  DOI = {10.1016/s0168-9002(00)01082-2},
  number = {2–3},
  journal = {Nucl. Instr. and Meth. in Phys. Res. A},
  publisher = {Elsevier BV},
  author = {Kiko,  J.},
  year = {2001},
  month = mar,
  pages = {272–277}
}

@article{Mitsuda2003,
  title = {{Development of super-high sensitivity radon detector for the Super-Kamiokande detector}},
  volume = {497},
  ISSN = {0168-9002},
  DOI = {10.1016/s0168-9002(02)01923-x},
  number = {2–3},
  journal = {Nucl. Instr. and Meth. in Phys. Res. A},
  publisher = {Elsevier BV},
  author = {Mitsuda,  C and others},
  year = {2003},
  month = feb,
  pages = {414–428}
}

@article{xenonnt_rn,
  doi = {10.48550/ARXIV.2502.04209},
  author = {Aprile,  E. and others},
  title = {{Radon Removal in XENONnT down to the Solar Neutrino Level}},
  publisher = {arXiv},
  journal = {arXiv},
  year = {2025},
  copyright = {Creative Commons Attribution 4.0 International}
}

@article{LZ_Rn,
  title = {{Background determination for the LUX-ZEPLIN dark matter experiment}},
  volume = {108},
  ISSN = {2470-0029},
  DOI = {10.1103/physrevd.108.012010},
  number = {1},
  journal = {Physical Review D},
  publisher = {American Physical Society (APS)},
  author = {Aalbers,  J. and others},
  year = {2023},
  month = jul 
}

@article{XLZD_Rn,
  doi = {10.48550/ARXIV.2410.17137},
  author = {{XLZD Collaboration}},
  title = {{The XLZD Design Book: Towards the Next-Generation Liquid Xenon Observatory for Dark Matter and Neutrino Physics}},
  publisher = {arXiv},
  journal = {arXiv [hep-ex]},
  year = {2024}
}


@article{PandaX-xT_Rn,
  title = {{PandaX-xT—A deep underground multi-ten-tonne liquid xenon observatory}},
  volume = {68},
  ISSN = {1869-1927},
  DOI = {10.1007/s11433-024-2539-y},
  number = {2},
  journal = {Science China Physics,  Mechanics {\&} Astronomy},
  publisher = {Springer Science and Business Media LLC},
  author = {{PandaX Collaboration}},
  year = {2024},
  month = nov 
}

@article{nEXO_PCDR,
  doi = {10.48550/ARXIV.1805.11142},
  author = {{nEXO Collaboration}},
  title = {{nEXO Pre-Conceptual Design Report}},
  publisher = {arXiv},
  journal = {arxiv [physics.ins-det]},
  year = {2018}
}

@article{LZ_general,
  title = {{The LUX-ZEPLIN (LZ) experiment}},
  volume = {953},
  ISSN = {0168-9002},
  DOI = {10.1016/j.nima.2019.163047},
  journal = {Nucl. Instr. and Meth. in Phys. Res. A},
  publisher = {Elsevier BV},
  author = {{LZ Collaboration}},
  year = {2020},
  month = feb,
  pages = {163047}
}
@article{XENONnT_general,
  title = {{The XENONnT dark matter experiment}},
  volume = {84},
  ISSN = {1434-6052},
  DOI = {10.1140/epjc/s10052-024-12982-5},
  number = {8},
  journal = {The European Physical Journal C},
  publisher = {Springer Science and Business Media LLC},
  author = {{XENON Collaboration}},
  year = {2024},
  month = aug 
}

@article{Nakano2017,
  title = {{Measurement of radon concentration in super-Kamiokande’s buffer gas}},
  volume = {867},
  ISSN = {0168-9002},
  DOI = {10.1016/j.nima.2017.04.037},
  journal = {Nucl. Instr. and Meth. in Phys. Res. A},
  publisher = {Elsevier BV},
  author = {Nakano,  Y. and others},
  year = {2017},
  month = sep,
  pages = {108–114}
}

@inproceedings{Armstrong2023,
  title = {{Radon burden and Xe purification performance of hot zirconium getters}},
  volume = {2908},
  ISSN = {0094-243X},
  DOI = {10.1063/5.0161727},
  booktitle = {LOW RADIOACTIVITY TECHNIQUES 2022: Proceedings of the 8th International Workshop on LRT},
  publisher = {AIP Publishing},
  author = {Armstrong,  J. E. and others},
  year = {2023},
  pages = {070002}
}

@article{LZ_RBC_Program,
  title = {{The LUX-ZEPLIN (LZ) radioactivity and cleanliness control programs}},
  volume = {80},
  ISSN = {1434-6052},
  DOI = {10.1140/epjc/s10052-020-8420-x},
  number = {11},
  journal = {The European Physical Journal C},
  publisher = {Springer Science and Business Media LLC},
  author = {Akerib,  D. S. and others},
  year = {2020},
  month = nov 
}

@article{Mamedov2011,
  title = {{Development of an ultra-sensitive radon detector for the SuperNEMO experiment}},
  volume = {6},
  ISSN = {1748-0221},
  DOI = {10.1088/1748-0221/6/12/c12008},
  number = {12},
  journal = {Journal of Instrumentation},
  publisher = {IOP Publishing},
  author = {Mamedov,  F and Štekl,  I and Koníček,  J and Smolek,  K and Čermák,  P},
  year = {2011},
  month = dec,
  pages = {C12008–C12008}
}

%https://www.nndc.bnl.gov/ensdf/citations.pdf
%https://www-nds.iaea.org/relnsd/vcharthtml/VChartHTML.html#dcy2
@misc{ensdf,
    key = {},
    note = {{From ENSDF database. Version available at \url{http://www.nndc.bnl.gov/ensarchivals/}}},
    year = {accessed 2/19/2025}
}

@misc{pylon,
    key = {},
    note = {{Pylon Electronics Inc \url{https://pylonelectronics-radon.com/radioactive-sources/}}},
    year = {2015},
}

@article{q_val1,
  title = {Mass and Double-Beta-Decay $Q$ Value of $^{136}\mathrm{Xe}$},
  author = {Redshaw, Matthew and others},
  journal = {Phys. Rev. Lett.},
  volume = {98},
  issue = {5},
  numpages = {4},
  year = {2007},
  publisher = {American Physical Society},
  doi = {10.1103/PhysRevLett.98.053003}
}

@article{electropolishing_reduce_Rn,
  doi = {10.48550/ARXIV.1404.5843},
  author = {Schnee,  R. W. and others},
  journal = {{arXiv}},
  title = {Removal of long-lived $^{222}$Rn daughters by electropolishing thin layers of stainless steel},
  year = {2014},
  copyright = {arXiv.org perpetual,  non-exclusive license}
}

@inproceedings{bateman1910,
  title={The solution of a system of differential equations occurring in the theory of radioactive transformations},
  author={Bateman, Harry},
  booktitle={Proc. Cambridge Philos. Soc.},
  volume={15},
  pages={423--427},
  year={1910}
}

@article{Abdukerim2024,
  title = {{PandaX-xT—A deep underground multi-ten-tonne liquid xenon observatory}},
  volume = {68},
  ISSN = {1869-1927},
  DOI = {10.1007/s11433-024-2539-y},
  number = {2},
  journal = {Science China Physics,  Mechanics \& Astronomy},
  publisher = {Springer Science and Business Media LLC},
  author = {{PandaX Collaboration}},
  year = {2024},
  month = nov 
}

@article{Auger2012,
  title = {{Search for Neutrinoless Double-Beta Decay in $^{136} \text{Xe}$ with EXO-200}},
  volume = {109},
  ISSN = {1079-7114},
  DOI = {10.1103/physrevlett.109.032505},
  number = {3},
  journal = {Physical Review Letters},
  publisher = {American Physical Society (APS)},
  author = {{EXO-200 Collaboration}},
  year = {2012},
  month = jul 
}

@article{Albert2015,
  title = {{Investigation of radioactivity-induced backgrounds in EXO-200}},
  volume = {92},
  ISSN = {1089-490X},
  DOI = {10.1103/physrevc.92.015503},
  number = {1},
  journal = {Physical Review C},
  publisher = {American Physical Society (APS)},
  author = {{EXO-200 Collaboration}},
  year = {2015},
  month = jul 
}

@article{Tsang2023,
  title = {{An integrated online radioassay data storage and analytics tool for nEXO}},
  volume = {1055},
  ISSN = {0168-9002},
  DOI = {10.1016/j.nima.2023.168477},
  journal = {Nucl. Instr. and Meth. in Phys. Res. A},
  publisher = {Elsevier BV},
  author = {Tsang,  R.H.M. and others},
  year = {2023},
  month = oct,
  pages = {168477}
}